@article{basumitra03,
author = {Kaushik Basu AND Tapan Mitra},
title = {Aggregating Infinite Utility Streams with Intergenerational Equity:
The Impossibility of Being Paretian},
journal = {Econometrica},
year = {2003},
month = {September}
}

@article{basumitra07p,
author = {Kaushik Basu AND Tapan Mitra},
editor="Roemer, John
and Suzumura, Kotaro",
title="Possibility Theorems for Equitably Aggregating Infinite Utility Streams",
bookTitle="Intergenerational Equity and Sustainability",
year="2007",
publisher="Palgrave Macmillan UK",
address="London",
pages="69--84",
isbn="978-0-230-23676-9",
doi="10.1057/9780230236769_5",
url="https://doi.org/10.1057/9780230236769_5"
}

@article{basumitra07,
author = {Kaushik Basu AND Tapan Mitra},
title = {Utilitarianism for infinite utility streams: A new
welfare criterion and its axiomatic characterization},
journal = {Journal of Economic Theory},
year = {2007}
}

@article{chichilnisky95,
author = {Graciela Chichilnisky},
title = {An axiomatic approach to sustainable development},
journal = {Social Choice and Welfare},
year = {1996},
month = {April}
}

@article{debreu54,
author = {Gerard Debreu},
title = {Representation of a preference ordering by a
numerical function},
journal = {Decision processes},
year = {1954}
}

@article{diamond65,
author = {Peter A. Diamond},
title = {The Evaluation of Infinite Utility Streams},
journal = {Econometrica},
year = {1965},
month = {January}
}

@article{koopmans60,
author = {Tjalling C. Koopmans},
title = {Stationary Ordinal Utility and Impatience},
journal = {Econometrica},
year = {1960},
month = {April}
}

@article{lauwers10,
author = {Luc Lauwers},
title = {Ordering infinite utility streams comes at the cost
of a non-Ramsey set},
journal = {Journal of Mathematical Economics},
year = {2010}
}

@article{Ramsey28,
author = {Frank P. Ramsey},
title = {A Mathematical Theory of Saving},
journal = {The Economic Journal},
year = {1928},
month = {December}
}

@article{svensson80,
author = {Lars-Gunnar Svensson},
title = {Equity Among Generations},
journal = {Econometrica},
year = {1980},
month = {July}
}

@article{zame07,
author = {William R. Zame},
title = {Can intergenerational equity be operationalized},
journal = {Theoretical Economics},
year = {2007}
}

@article{szpilrajn30,
author = {Edward Szpilrajn},
title = {Sur l'extension de l'ordre partiel},
journal = {Fundamenta Mathematicae},
year = {1930}
}
